# Books
@book{Bis06,
	author = {Bishop, Christopher M.},
	title = {Pattern Recognition and Machine Learning (Information Science and Statistics)},
	year = {2006},
	publisher = {Springer-Verlag},
	address = {Berlin, Heidelberg}
}

	

# Articles
@article{Li16,
	author = {Li, Ninghui and Lyu, Min and Su, Dong and Yang, Weining},
	title = {Differential Privacy: From Theory to Practice},
	journal = {Synthesis Lectures on Information Security, Privacy, and Trust},
	year = {2016},
	pages = {1-138},
	publisher = {Morgan \& Claypool Publishers} 
}



#Conference proceedings
@inproceedings{Agg05,
	author = {Aggarwal, Charu C.},
	title = {On K-anonymity and the Curse of Dimensionality},
	booktitle = {Proceedings of the 31st International Conference on Very Large Data Bases},
	series = {VLDB '05},
	year = {2005},
	pages = {901--909},
	publisher = {VLDB Endowment},
	address = {Trondheim, Norway}
}



#Others
@misc{GDPR,
	title = {European Parliament and Council Regulation (EU) No. 2016/679 of 27 April 2016 on the protection of natural persons with regard to the processing of personal data and on the free movement of such data, and repealing Directive 95/46/EC (General Data Protection Regulation)},
	note = {\url{ https://eur-lex.europa.eu/legal-content/hu/TXT/?uri=CELEX\%3A32016R0679} (Accessed 17/09/18)}
}

#Collections

@incollection{Lyn13,
	author = {Lynskey, Orla},
	booktitle = {European Data Protection},
	editor = {Gutwirth, Serge and Leenes, Ronald and Hert, Paul De and Poullet, Yves},
	pages = {59-84},
	publisher = {Springer},
	title = {From Market-Making Tool to Fundamental Right: The Role of the Court of Justice in Data Protection's Identity Crisis.},
	year = {2013}
}

#Online sources

@misc{OSGD,
	title = {Stochastic Gradient Descent},
	author = {Scikit-learn},
	year = {2007 - 2018},
	note = {\url{ http://scikit-learn.org/stable/modules/sgd.html} (Accessed 02/11/18)}
}


