# Books
@book{MT17,
	author = {Tanenbaum, Andrew S. and van Steen, M.},
	title = {Distributed Systems},
	year = {2017},
	publisher = {Pearson Education, Inc.},
	address = {New York, USA}
}

#Online sources

@misc{Hasura,
	title = {Hasura GraphQL Engine Documentation},
	author = {Hasura},
	year = {2019},
	note = {\url{ https://docs.hasura.io/1.0/graphql/manual/index.html} (Accessed 29/06/19)}
}

@misc{React,
	title = {React Documentation},
	author = {React},
	year = {2019},
	note = {\url{ https://reactjs.org/} (Accessed 29/06/19)}
}

@misc{JSX,
	title = {JSX Documentation},
	author = {JSX},
	year = {2019},
	note = {\url{ https://reactjs.org/docs/introducing-jsx.html } (Accessed 02/07/19)}
}

@misc{Reactstrap,
	title = {Reactstrap Documentation},
	author = {Reactstrap},
	year = {2019},
	note = {\url{ https://reactstrap.github.io/ } (Accessed 29/06/19)}
}

@misc{Reactstrap_comp,
	title = {Reactstrap Components List},
	author = {Reactstrap Components},
	year = {2019},
	note = {\url{ https://reactstrap.github.io/components/alerts/ } (Accessed 29/06/19)}
}

@misc{Bootstrap,
	title = {Bootstrap Documentation},
	author = {Bootstrap},
	year = {2019},
	note = {\url{ https://getbootstrap.com/docs/4.3/getting-started/introduction/ } (Accessed 02/07/19)}
}

@misc{Bootstrap_grid,
	title = {Bootstrap Grid System},
	author = {W3Schools},
	year = {2019},
	note = {\url{ https://www.w3schools.com/bootstrap4/bootstrap_grid_system.asp } (Accessed 02/07/19)}
}

@misc{React_router,
	title = {React Router},
	author = {React-Training},
	year = {2019},
	note = {\url{ https://reacttraining.com/react-router/web/guides/quick-start } (Accessed 07/07/19)}
}

@misc{Secure_Endpoint,
	title = {Securing the GraphQL Endpoint},
	author = {Hasura},
	year = {2019},
	note = {\url{ https://docs.hasura.io/1.0/graphql/manual/deployment/securing-graphql-endpoint.html } (Accessed 30/07/19)}
}
